@ONLINE{SBV,
    title = {{SBV: SMT Based Verification in Haskell}},
    author = {Levent Erkok},
    url = {http://leventerkok.github.io/sbv/},
    urldate = {2017-11-27},
    year = 2019
}

@TECHREPORT{smtlib,
  author =   {Clark Barrett and Aaron Stump and Cesare Tinelli},
  title =    {{The SMT-LIB Standard: Version 2.0}},
  institution =  {Department of Computer Science, The University of Iowa},
  year =     2010,
  note =     {Available at {\tt www.SMT-LIB.org}}
}

% F*
@inproceedings{Swamy:2016:DTM:2837614.2837655,
 author = {Swamy, Nikhil and Hri\c{t}cu, C\u{a}t\u{a}lin and Keller, Chantal and Rastogi, Aseem and Delignat-Lavaud, Antoine and Forest, Simon and Bhargavan, Karthikeyan and Fournet, C{\'e}dric and Strub, Pierre-Yves and Kohlweiss, Markulf and Zinzindohoue, Jean-Karim and Zanella-B{\'e}guelin, Santiago},
 title = {{Dependent Types and Multi-monadic Effects in F*}},
 booktitle = {Proceedings of the 43rd Annual ACM SIGPLAN-SIGACT Symposium on Principles of Programming Languages},
 series = {POPL'16},
 year = {2016},
 pages = {256--270},
 publisher = {ACM}
}

% Idris
@article{JFP:9060502,
  author = {Brady, Edwin},
  title = {{Idris, a general-purpose dependently typed programming language: Design and implementation}},
  journal = {Journal of Functional Programming},
  volume = {23},
  issue = {05},
  month = {9},
  year = {2013},
  pages = {552--593}
}

% Why3
@inproceedings{filliatre13esop,
  author = {Jean-Christophe Filli\^atre and Andrei Paskevich},
  title = {{Why3 --- Where Programs Meet Provers}},
  booktitle = {Proceedings of the 22nd European Symposium on Programming},
  year = 2013,
  volume = {7792},
  series = {Lecture Notes in Computer Science},
  publisher = {Springer},
  pages = {125--128}
}

@article{Leveson2004,
author={Leveson, Nancy G.},
title={{Role of Software in Spacecraft Accidents}},
journal={Journal of Spacecraft and Rockets},
year={2004},
publisher={American Institute of Aeronautics and Astronautics},
volume={41},
number={4},
pages={564-575}
}

% Haskell Report
@article{Hudak:1992:RPL:130697.130699,
 author = {Hudak, Paul and Peyton Jones, Simon and Wadler, Philip and Boutel, Brian and Fairbairn, Jon and Fasel, Joseph and Guzm\'{a}n, Mar\'{\i}a M. and Hammond, Kevin and Hughes, John and Johnsson, Thomas and Kieburtz, Dick and Nikhil, Rishiyur and Partain, Will and Peterson, John},
 title = {Report on the Programming Language Haskell: A Non-strict, Purely Functional Language Version 1.2},
 journal = {SIGPLAN Not.},
 volume = {27},
 number = {5},
 year = {1992},
 pages = {1--164},
 publisher = {ACM}
}

@article{bug-rocket,
    author = {Ben-Ari, Mordechai},
    title = {{The Bug That Destroyed a Rocket}},
    journal = {SIGCSE Bull.},
    volume = {33},
    number = {2},
    month = {June},
    year = {2001},
    pages = {58--59},
    publisher = {ACM}
}

@techreport{NASA:1999:Mars,
    citeulike-article-id = {9892094},
    author = {{NASA}},
    month = nov,
    posted-at = {2011-10-11 21:04:52},
    priority = {0},
    title = {{Mars Climate Orbiter Mishap Investigation Board Phase I Report}},
    year = {1999}
}

% Servant
@inproceedings{Mestanogullari:2015:TWA:2808098.2808099,
 author = {Mestanogullari, Alp and Hahn, S\"{o}nke and Arni, Julian K. and L\"{o}h, Andres},
 title = {{Type-level Web APIs with Servant: An Exercise in Domain-specific Generic Programming}},
 booktitle = {Proceedings of the 11th ACM SIGPLAN Workshop on Generic Programming},
 series = {WGP 2015},
 year = {2015},
 pages = {1--12},
 numpages = {12},
 publisher = {ACM}
}

% Z3
@article{de2008z3,
  title={{Z3: An efficient SMT solver}},
  author={De Moura, Leonardo and Bj{\o}rner, Nikolaj},
  journal={Tools and Algorithms for the Construction and Analysis of Systems},
  pages={337--340},
  year={2008},
  publisher={Springer},
  number={},
  volume={}
}

@inproceedings{vazou2014refinement,
  title={{Refinement types for Haskell}},
  author={Vazou, Niki and Seidel, Eric L and Jhala, Ranjit and Vytiniotis, Dimitrios and Peyton-Jones, Simon},
  booktitle={ACM SIGPLAN Notices},
  volume={49},
  number={9},
  pages={269--282},
  year={2014},
  organization={ACM}
}

@inproceedings{wadler1990comprehending,
  title={Comprehending monads},
  author={Wadler, Philip},
  booktitle={Proceedings of the 1990 ACM conference on LISP and functional programming},
  pages={61--78},
  year={1990},
  organization={ACM}
}

@article{godefroid2008automating,
  title={Automating software testing using program analysis},
  author={Godefroid, Patrice and de Halleux, Peli and Nori, Aditya V and Rajamani, Sriram K and Schulte, Wolfram and Tillmann, Nikolai and Levin, Michael Y},
  journal={IEEE software},
  volume={25},
  number={5},
  year={2008},
  publisher={IEEE}
}

@inproceedings{condit2009unifying,
  title={Unifying type checking and property checking for low-level code},
  author={Condit, Jeremy and Hackett, Brian and Lahiri, Shuvendu K and Qadeer, Shaz},
  booktitle={ACM SIGPLAN Notices},
  volume={44},
  number={1},
  pages={302--314},
  year={2009},
  organization={ACM}
}

@inproceedings{kennedy2013coq,
  title={Coq: the world's best macro assembler?},
  author={Kennedy, Andrew and Benton, Nick and Jensen, Jonas B and Dagand, Pierre-Evariste},
  booktitle={Proceedings of the 15th Symposium on Principles and Practice of Declarative Programming},
  pages={13--24},
  year={2013},
  organization={ACM}
}

@inproceedings{fox2010trustworthy,
  title={{A trustworthy monadic formalization of the ARMv7 instruction set architecture}},
  author={Fox, Anthony and Myreen, Magnus O},
  booktitle={International Conference on Interactive Theorem Proving},
  pages={243--258},
  year={2010},
  organization={Springer}
}

@inproceedings{reid2016cav,
  title={{End-to-end verification of processors with ISA-Formal}},
  author={Reid, Alastair and Chen, Rick and Deligiannis, Anastasios and Gilday, David and Hoyes, David and Keen, Will and Pathirane, Ashan and Shepherd, Owen and Vrabel, Peter and Zaidi, Ali},
  booktitle={International Conference on Computer Aided Verification},
  pages={42--58},
  year={2016},
  organization={Springer}
}

@article{Currie2006,
title="{Embedded Software Verification Using Symbolic Execution and Uninterpreted Functions}",
author="Currie, David
and Feng, Xiushan
and Fujita, Masahiro
and Hu, Alan J.
and Kwan, Mark
and Rajan, Sreeranga",
journal="International Journal of Parallel Programming",
year="2006",
volume="34",
number="1",
pages="61--91"
}

@inproceedings{Kennedy:1997:RPU:263699.263761,
 author = {Kennedy, Andrew J.},
 title = {{Relational Parametricity and Units of Measure}},
 booktitle = {Proceedings of the 24th ACM SIGPLAN-SIGACT Symposium on Principles of Programming Languages},
 series = {POPL'97},
 year = {1997},
 pages = {442--455},
 publisher = {ACM}
}

@article{Haas:2017:BWU:3140587.3062363,
 author = {Haas, Andreas and Rossberg, Andreas and Schuff, Derek L. and Titzer, Ben L. and Holman, Michael and Gohman, Dan and Wagner, Luke and Zakai, Alon and Bastien, JF},
 title = {{Bringing the Web Up to Speed with WebAssembly}},
 journal = {SIGPLAN Not.},
 volume = {52},
 number = {6},
 year = {2017},
 pages = {185--200},
 publisher = {ACM}
}

@article{Morrisett:1999:SFT:319301.319345,
 author = {Morrisett, Greg and Walker, David and Crary, Karl and Glew, Neal},
 title = {{From System F to Typed Assembly Language}},
 journal = {ACM Trans. Program. Lang. Syst.},
 volume = {21},
 number = {3},
 year = {1999},
 pages = {527--568},
 publisher = {ACM}
}

@misc{diehl-monads-to-machines,
  author = {Stephen Diehl},
  title = {{Monads to Machine Code}},
  type = {Blog},
  year = {2017},
  howpublished = {\url{https://web.archive.org/web/20171207020256/http://www.stephendiehl.com/posts/monads_machine_code.html}}
}

@misc{riscv-semantics,
  author = {{MIT}},
  title = {{A formal specification of the RISC-V ISA written in Haskell}},
  year = {2017},
  howpublished = {\url{https://github.com/mit-plv/riscv-semantics}}
}

@misc{asm-monad,
  author = {Lewis Wall},
  title = {{An ASM Monad}},
  year = {2017},
  howpublished = {\url{http://wall.org/~lewis/2013/10/15/asm-monad.html}}
}

@misc{haskell-z3,
  author = {Tikhon Jelvis},
  title = {{Analyzing Programs with Z3 (video recording of Compose Conference talk)}},
  year = {2016},
  howpublished = {http://jelv.is/talks/compose-2016}}
}

@article{weirich2017dependent,
  title={{A specification for dependent types in Haskell}},
  author={Weirich, Stephanie and Voizard, Antoine and de Amorim, Pedro Henrique Avezedo and Eisenberg, Richard A},
  journal={Proceedings of the ACM on Programming Languages},
  volume={1},
  number={ICFP},
  pages={31},
  year={2017},
  publisher={ACM}
}

@article{mokhov2014synthesis,
  title={{Synthesis of processor instruction sets from high-level ISA specifications}},
  author={Mokhov, Andrey and Iliasov, Alexei and Sokolov, Danil and Rykunov, Maxim and Yakovlev, Alex and Romanovsky, Alexander},
  journal={IEEE Transactions on Computers},
  volume={63},
  number={6},
  pages={1552--1566},
  year={2014},
  publisher={IEEE}
}

@phdthesis{degenbaev2012formal,
  title={Formal specification of the x86 instruction set architecture},
  author={Degenbaev, Ulan},
  year={2012},
  school={Saarland University}
}

@article{reid2017oopsla,
 author = {Reid, Alastair},
 title = {{Who Guards the Guards? Formal Validation of the Arm V8-m Architecture Specification}},
 journal = {Proc. ACM Program. Lang.},
 volume = {1},
 number = {OOPSLA},
 year = {2017},
 pages = {88:1--88:24},
 publisher = {ACM}
}

@inproceedings{redfin-hs-19,
 author = {Mokhov, Andrey and Lukyanov, Georgy and Lechner, Jakob},
 title = {Formal Verification of Spacecraft Control Programs (Experience Report)},
 booktitle = {Proceedings of the 12th ACM SIGPLAN International Symposium on Haskell},
 series = {Haskell 2019},
 year = {2019},
 isbn = {978-1-4503-6813-1},
 location = {Berlin, Germany},
 pages = {139--145},
 numpages = {7},
 url = {http://doi.acm.org/10.1145/3331545.3342593},
 doi = {10.1145/3331545.3342593},
 acmid = {3342593},
 publisher = {ACM},
 address = {New York, NY, USA},
 keywords = {formal verification, instruction set architecture},
}


@article{SurveySymExec-CSUR18,
  author    = {Baldoni, Roberto and Coppa, Emilio and D'Elia, Daniele Cono and Demetrescu, Camil and Finocchi, Irene},
  title     = {A Survey of Symbolic Execution Techniques},
  journal   = {ACM Comput. Surv.},
  volume    = {51},
  number = {3},
  articleno = {50},
  publisher = {ACM},
  address = {New York, NY, USA},
  year = {2018}
}

@article{SAIL-lang,
 author = {Armstrong, Alasdair and Bauereiss, Thomas and Campbell, Brian and Reid, Alastair and Gray, Kathryn E. and Norton, Robert M. and Mundkur, Prashanth and Wassell, Mark and French, Jon and Pulte, Christopher and Flur, Shaked and Stark, Ian and Krishnaswami, Neel and Sewell, Peter},
 title = {ISA Semantics for ARMv8-a, RISC-v, and CHERI-MIPS},
 journal = {Proc. ACM Program. Lang.},
 issue_date = {January 2019},
 volume = {3},
 number = {POPL},
 month = jan,
 year = {2019},
 issn = {2475-1421},
 pages = {71:1--71:31},
 articleno = {71},
 numpages = {31},
 url = {http://doi.acm.org/10.1145/3290384},
 doi = {10.1145/3290384},
 acmid = {3290384},
 publisher = {ACM},
 address = {New York, NY, USA},
 keywords = {Instruction Set Architectures, Semantics, Theorem Proving},
}